@inproceedings{chen2020lessr,
  title     = {Handling Information Loss of Graph Neural Networks for Session-based Recommendation},
  author    = {Tianwen {Chen} and Raymond Chi-Wing {Wong}},
  booktitle = {Proceedings of the 26th ACM SIGKDD Conference on Knowledge Discovery and Data Mining (KDD '20)},
  pages     = {1172-â€“1180},
  year      = {2020}
}

@misc{vaswani2017attention,
  title         = {Attention Is All You Need},
  author        = {Ashish Vaswani and Noam Shazeer and Niki Parmar and Jakob Uszkoreit and Llion Jones and Aidan N. Gomez and Lukasz Kaiser and Illia Polosukhin},
  year          = {2017},
  eprint        = {1706.03762},
  archiveprefix = {arXiv},
  primaryclass  = {cs.CL}
}

@misc{chung2014empirical,
  title         = {Empirical Evaluation of Gated Recurrent Neural Networks on Sequence Modeling},
  author        = {Junyoung Chung and Caglar Gulcehre and KyungHyun Cho and Yoshua Bengio},
  year          = {2014},
  eprint        = {1412.3555},
  archiveprefix = {arXiv},
  primaryclass  = {cs.NE}
}

@article{4700287,
  author  = {Scarselli, Franco and Gori, Marco and Tsoi, Ah Chung and Hagenbuchner, Markus and Monfardini, Gabriele},
  journal = {IEEE Transactions on Neural Networks},
  title   = {The Graph Neural Network Model},
  year    = {2009},
  volume  = {20},
  number  = {1},
  pages   = {61-80},
  doi     = {10.1109/TNN.2008.2005605}
}